@article{distance_measurement,
		author = {Yasir Dawood Salman and Ku Ruhana Ku-Mahamud and Eiji Kamioka},
		title = {Distance measurement for self-driving cars using stereo camera},
		journaltitle = {Proceedings of the 6th International Conference of Computing \& Informatics},
        pages={235--242},
		year = {2017},
	}

COMMENT url={https://doi.org/10.1016/0045-6535(92)90499-H}